@book{Allen2008:fishfly,
author = {Allen, Gerald and Storey, Andrew W and Markson, Yarrao},
title = {{Freshwater Fishes of the Fly River, Papua New Guinea}},
publisher = {Ok Tedi Mining},
address = {Tabubil},
year = {2008}
}

@book{Anderson:1992uw,
author = {Anderson, Stephen R},
title = {{A-Morphous Morphology}},
publisher = {Cambridge University Press},
year = {1992},
address = {Cambridge}
}

@incollection{Andrews:2007nounphrase,
author = {Andrews, Avery},
title = {{The major functions of the noun phrase}},
booktitle = {Language Typology and Syntactic Description. Volume {I}: Clause Structure (2nd edition)},
year = {2007},
editor = {Shopen, Timothy},
pages = {132--223},
publisher = {Cambridge University Press},
address = {Cambridge}
}

@incollection{Andrews:2007relclauses,
author = {Andrews, Avery},
title = {{Relative clauses}},
booktitle = {Language Typology and Syntactic Description. Volume {II}: Complex Constructions (2nd edition)},
year = {2007},
editor = {Shopen, Timothy},
pages = {206--236},
publisher = {Cambridge University Press},
address = {Cambridge}
}

@incollection{Arka:2012tt,
author = {Arka, I Wayan},
title = {{Projecting Morphology and Agreement in Marori, an isolate of Southern New Guinea}},
editor = {Evans, Nicholas and Klamer, Marian},
booktitle = {{Melanesian languages on the edge of Asia: Challenges for the 21st century.}},
series = {{Language Documentation {\&} Conservation Special Publication No. 5}},
publisher = {University of Hawai{\textquoteleft}i Press},
year = {2012},
address = {Manoa}
}

@incollection{Arkadiev:2008vq,
author = {Arkadiev, Peter M},
title = {{Thematic roles, event structure, and argument encoding in semantically aligned languages}},
booktitle = {The typology of semantic alignment},
publisher = {Oxford University Press},
year = {2008},
editor = {Donohue, Mark and Wichmann, S{\o}ren},
pages = {101--117},
address = {Oxford}
}

@phdthesis{Ayres:ws,
author = {Ayres, Mary C},
title = {{This side, that side: locality and exogamous group definition in Morehead area, Southwestern Papua}},
school = {University of Chicago},
year = {1983},
address = {Chicago}
}

@manual{Baerman:2006depo,
title  = {{Surrey Typological Database on Deponency}},
author = {Baerman, Matthew and Corbett, Greville G and Brown, Dunstan and Hippisley, Andrew},
note   = {URL: http://dx.doi.org/10.15126/SMG.15/1},
year   = {2006},
organization = {Surrey Morphology Group},
address = {University of Surrey}
}

@article{Baerman:2012ko,
author = {Baerman, Matthew},
title = {{Paradigmatic chaos in Nuer}},
journal = {Language},
year = {2012},
volume = {88},
number = {3},
pages = {467--494}
}

@book{Baker:1996poly,
author = {Baker, Mark},
title = {{The polysynthesis parameter}},
publisher = {Oxford University Press},
year = {1996},
address = {Oxford}
}

@article{Ballard:2010cd,
author = {Ballard, Chris},
title = {{Synthetic histories: possible futures for Papuan Pasts}},
journal = {Reviews in Anthropology},
year = {2010},
volume = {39},
number = {4},
pages = {232--257}
}

@incollection{Bickel:2011wo,
author = {Bickel, Balthasar},
title = {{Grammatical relations typology}},
booktitle = {The {O}xford Handbook of Linguistic Typology},
year = {2011},
editor = {Song, Jae J},
pages = {399--444},
publisher = {Oxford University Press},
address = {Oxford}
}

@article{Biggs:1963wk,
author = {Biggs, Bruce},
title = {{A non-phonemic central vowel type in Karam, a "pygmy" language of the Schrader Mountains, Central New Guinea}},
journal = {{Anthropological Linguistics}},
year = {1963},
volume = {5},
number = {4},
pages = {13--17}
}

@book{Blake:case,
author = {Blake, Barry},
publisher = {Cambridge University Press},
title = {{Case}},
year = {1994},
address = {Cambridge}
}

@incollection{Blevins:1995tt,
author = {Blevins, Juliette},
title = {{The syllable in phonological theory}},
booktitle = {The handbook of phonological theory (1st edition)},
year = {1995},
editor = {Goldsmith, John A},
pages = {206--244},
publisher = {Basil Blackwell},
address = {Cambridge}
}

@article{Blevins:2010ee,
author = {Blevins, Juliette and Pawley, Andrew},
title = {{Typological implications of Kalam predictable vowels}},
journal = {Phonology},
volume = {27},
year = {2010},
pages = {1--44}
}

@book{Bouve:2003ar,
author = {Boevé, Alma and Boevé, Marco},
publisher = {SIL Unpublished Ms.},
pages = {110},
title = {{Arammba grammar essentials}},
year = {2003},
address = {Ukarumpa}
}

@article{Bybee:1989hk,
author = {Bybee, Joan L and Dahl, {\"O}sten},
title = {{The creation of tense and aspect systems in the languages of the world}},
journal = {Studies in Language},
year = {1989},
volume = {13},
number = {1},
pages = {51--103}
}

@book{Bybee:irrealis,
author = {Bybee, Joan L and Perkins, Revere and Pagliuca, William},
title = {The Grammaticalization of Tense, Aspect and Modality in Languages of the World},
year = {1994},
address = {Chicago},
publisher = {The University of Chicago Press}
}

@incollection{Bybee:2010wb,
author = {Bybee, Joan L},
title = {{Markedness: iconicity, economy and frequency}},
booktitle = {Handbook of Linguistic Typology},
year = {2010},
editor = {Song, Jae J},
pages = {131--147},
publisher = {Oxford University Press},
address = {Oxford}
}

@incollection{Caballero:2012vr,
author = {Caballero, Gabriela and Harris, Alice C},
title = {{A working typology of multiple exponence}},
booktitle = {{Current issues in morphological theory: (ir)regularity, analogy and frequency. Selected papers from the 14th International Morphology Meeting, Budapest, 13-16 May 2010}},
year = {2012},
editor = {Kiefer, Ferenc and Lad{\'a}nyi, M{\'a}ria and Sipt{\'a}r, P{\'e}ter},
pages = {163--188},
publisher = {John Benjamins},
address = {Amsterdam; Philadelphia}
}

@phdthesis{Carroll:Ngkolmpu,
Author = {Carroll, Matthew},
title = {{The Ngkolmpu Language - with special reference to distributed exponence}},
school = {Australian National University},
year = {2017},
address = {Canberra}
}

@incollection{Chappell:2005coastal,
author = {Chappell, John},
title = {{Geographic changes of coastal lowlands in the Papuan past}},
editor = {Pawley, Andrew and Attenborough, Robert and Golson, Jack and Hide, Robin},
booktitle = {{Papuan pasts: cultural, linguistic and biological histories of Papuan-speaking peoples}},
publisher = {Pacific Linguistics},
year = {2005},
pages = {525--540},
address = {Canberra}
}

@book{Clifton:1991fly,
author = {Clifton, John M and Dyall, Geoff and O'Rear, Paul},
publisher = {SIL Unpublished Ms.},
title = {{The linguistic situation south of the Fly River, Western Province}},
year = {1991},
address = {Ukarumpa}
}

@article{Comrie:2009vza,
author = {Comrie, Bernard and Cysouw, Michael},
title = {{New Guinea through the eyes of WALS}},
journal = {Language and Linguistics in Melanesia},
year = {2012},
volume = {30},
number = {1},
pages = {65--94}
}

@book{Comrie:1976vd,
author = {Comrie, Bernard},
title = {{Aspect: an introduction to the study of verbal aspect and related problems}},
publisher = {Cambridge University Press},
year = {1976},
address = {Cambridge}
}

@incollection{Comrie:2007nom,
author = {Comrie, Bernard and Thompson, Sandra A},
title = {{Lexical nominalization}},
booktitle = {Language Typology and Syntactic Description. Volume {III}: Grammatical categories and the lexicon (2nd edition)},
year = {2007},
editor = {Shopen, Timothy},
pages = {334-381},
publisher = {Cambridge University Press},
address = {Cambridge}
}

@incollection{Coulmas:1982wl,
author = {Coulmas, Florian},
title = {Some remarks on {J}apanese deictics},
booktitle = {Here and there: Cross-linguistic studies on deixis and demonstration},
year = {1982},
editor = {Weissenborn, J{\"u}rgen and Klein, Wolfgang},
pages = {209--223},
publisher = {John Benjamins},
address = {Amsterdam; Philadelphia}
}

@incollection{Cristofaro:2004wi,
author = {Cristofaro, Sonia},
title = {{Past habituals and irrealis}},
booktitle = {Irrealis and Irreality},
year = {2004},
editor = {Lander, Yuri A and Plungian, Vladimir A and Urmanchieva, Anna Y},
pages = {256--272},
address = {Moscow},
publisher = {Gnosis}
}

@book{Croft:cogn,
author = {Croft, William},
title = {Syntactic Categories and Grammatical Relations: The Cognitive Organization of Information},
year = {1991},
address = {Chicago},
publisher = {The University of Chicago Press}
}

@article{Diessel:2009tg,
author = {Diessel, Holger},
title = {{The morphosyntax of demonstratives in synchrony and diachrony}},
journal = {Linguistic Typology},
year = {1999},
volume = {3},
number = {1},
pages = {1--49}
}

@book{Dik:1997uj,
author = {Dik, Simon C},
title = {The Theory of Functional Grammar. Part {I}: The Structure of the Clause (edited by {K}. {H}engeveld)},
publisher = {Mouton de Gruyter},
year = {1997},
address = {Berlin; New York}
}

@article{Dingemanse:2012fc,
author = {Dingemanse, Mark},
title = {Advances in the Cross-Linguistic Study of Ideophones},
journal = {Language and Linguistics Compass},
year = {2012},
volume = {6},
number = {10},
pages = {654--672}
}

@book{Dixon:1972dyirbal,
author = {Dixon, R. M. W.},
title = {{The Dyirbal language of North Queensland}},
publisher = {Cambridge University Press},
year = {1972},
address = {Cambridge}
}

@article{Dixon:2003dj,
author = {Dixon, R. M. W.},
title = {{Demonstratives: a cross-linguistic typology}},
journal = {Studies in Language},
year = {2003},
volume = {27},
number = {1},
pages = {61--112}
}

@article{Donohue:2008bn,
author = {Donohue, Mark},
title = {{Complexities with restricted numeral systems}},
journal = {Linguistic Typology},
year = {2008},
volume = {12},
number = {3},
pages = {423--429}
}

@book{Drabbe:1955tm,
author = {Drabbe, Peter},
title = {{Spraakkunst van het Marind: Zuidkust Nederlands Nieuw-Guinea. Studia Instituti Anthropos. volume 11}},
publisher = {Missiehuis St. Gabriel},
year = {1955},
address = {Wien-M{\"o}dling}
}

@incollection{Dryer:2007wordorder,
author = {Dryer, Matthew S},
title = {{Word order}},
booktitle = {Language Typology and Syntactic Description. Volume {I}: Clause Structure (2nd edition)},
year = {2007},
editor = {Shopen, Timothy},
pages = {61--130},
publisher = {Cambridge University Press},
address = {Cambridge}
}

@incollection{Evans:2006uu,
editor = {Ameka, Felix K and Dench, Alan C and Evans, Nicholas},
author = {Evans, Nicholas and Dench, Alan C},
booktitle = {Catching language: The Standing Challenge of Grammar Writing},
title = {{Introduction}},
publisher = {Mouton de Gruyter},
year = {2006},
address = {Berlin; New York},
pages = {1--40}
}

@article{Evans:1988ge,
author = {Evans, Nicholas and Dench, Alan C},
title = {{Multiple case-marking in Australian languages}},
journal = {Australian Journal of Linguistics},
year = {1988},
volume = {8},
number = {1},
pages = {1--47}
}
@book{Evans:1995uf,
author = {Evans, Nicholas},
title = {{A grammar of Kayardild: with historical-comparative notes on Tangkic}},
publisher = {Mouton de Gruyter},
year = {1995},
address = {Berlin; New York}
}

@incollection{Evans:quant,
author = {Evans, Nicholas},
title = {{Quantification in Nen}},
booktitle = {Handbook of Quantification in Natural Language. volume {II}},
year = {2017},
editor = {Paperno, Denis and Keenan, Edward},
publisher = {Springer},
address = {New York},
pages = {571--607}
}

@incollection{Evans:1997vj,
author = {Evans, Nicholas},
title = {{Sign metonymies and the problem of flora-fauna polysemy in Australian languages}},
booktitle = {{Boundary Rider - Essays in Honour of Geoffrey O'Grady}},
year = {1997},
editor = {Tryon, Darrell T and Walsh, Michael},
pages = {133--153},
publisher = {Pacific Linguistics},
address = {Canberra}
}

@incollection{Evans:2012we,
author = {Evans, Nicholas},
title = {{Semantic typology}},
booktitle = {{The Oxford Handbook of Linguistic Typology}},
year = {2010},
editor = {Song, Jae J},
pages = {504--533},
publisher = {Oxford University Press},
address = {Oxford}
}

@article{Evans:2009wg,
author = {Evans, Nicholas},
title = {{Two pus one makes thirteen: senary numerals in the Morehead-Maro region}},
journal = {Linguistic Typology},
year = {2009},
volume = {13},
number = {2},
pages = {321--335}
}

@article{Evans:ji,
title={Nen}, 
volume={46}, 
number={3}, 
journal={Journal of the International Phonetic Association}, 
publisher={Cambridge University Press}, 
author={Evans, Nicholas and Miller, Julia Colleen}, 
year={2016}, 
pages={331-–349}
}

@incollection{Evans:sng,
author = {Evans, Nicholas and Arka, Wayan and Carroll, Matthew and D{\"o}hler, Christian and Kashima, Eri and Mittag, Emil and Quinn, Kyla and Siegel, Jeff and Tama, Philip and van Tongeren, Charlotte},
title = {{The languages of Southern New Guinea}},
booktitle = {The Languages and Linguistics of the {N}ew {G}uinea Area},
year = {2017},
editor = {Palmer, Bill},
publisher = {Walter de Gruyter},
address = {Berlin; Boston},
pages = {641--774}
}

@incollection{Evans:2015to,
author = {Evans, Nicholas},
title = {{Inflection in Nen}},
booktitle = {The {O}xford Handbook of Inflection},
publisher = {Oxford University Press},
year = {2015},
editor = {Baerman, Matthew},
address = {Oxford}
}

@incollection{Evans:2002sasse,
author = {Evans, Nicholas and Sasse, Hans-J{\"u}rgen},
title = {{Introduction}},
booktitle = {Problems of polysynthesis},
year = {2002},
editor = {Evans, Nicholas and Sasse, Hans-J{\"u}rgen},
pages = {1--13},
publisher = {Akademie Verlag},
address = {Berlin}
}

@incollection{Evans:2012wp,
author = {Evans, Nicholas},
editor = {Evans, Nicholas and Klamer, Marian},
booktitle = {{Melanesian languages on the edge of Asia: challenges for the 21st century}},
series = {{Language Documentation {\&} Conservation Special Publication No. 5}},
title = {{Even more diverse than we had thought: the multiplicity of Trans-Fly languages}},
journal = {Language Documentation and Conservation},
year = {2012},
pages = {109--149},
publisher = {University of Hawai{\textquoteleft}i Press},
address = {Manoa}
}

@book{Evans:nen,
author = {Evans, Nicholas},
title = {A grammar of {N}en},
year = {forthcoming}
}

@incollection{Evans:2012ue,
author = {Evans, Nicholas},
title = {{Nen assentives and the problem of dyadic parallelisms}},
booktitle = {Practical Theories and Empirical Practice. Facets of a complex interaction},
year = {2012},
editor = {Schalley, Andrea C},
pages = {159--183},
address = {Amsterdam; Philadelphia},
publisher = {John Benjamins}
}

@incollection{Evans:2015wy,
author = {Evans, Nicholas},
title = {{Valency in Nen}},
booktitle = {Valency Classes in the World's Languages},
year = {2015},
editor = {Malchukov, Andrej L and Comrie, Bernard},
pages = {1049--1096},
publisher = {Walter de Gruyter},
address = {Berlin; New York}
}

@article{Evans:2014bz,
author = {Evans, Nicholas},
title = {Positional verbs in {N}en},
journal = {Oceanic Linguistics},
year = {2014},
volume = {53},
number = {2},
pages = {225--255}
}

@book{Fedden:2011wu,
author = {Fedden, Sebastian O},
title = {A Grammar of {M}ian},
publisher = {Walter de Gruyter},
year = {2011},
address = {Berlin; Boston}
}

@incollection{Fillmore:1968case,
author = {Fillmore, Charles},
title = {The Case for Case},
booktitle = {Universals in Linguistic Theory},
year = {1968},
editor = {Bach, Emmon and Harms, Robert T},
pages = {1--25},
publisher = {Holt, Rinehart and Winston},
address = {London}
}

@book{Foley:1986ux,
author = {Foley, William A},
title = {{The Papuan languages of New Guinea}},
publisher = {Cambridge University Press},
year = {1986},
address = {Cambridge}
}

@article{Foley:2000uh,
author = {Foley, William A},
title = {{The languages of New Guinea}},
journal = {Annual Review of Anthropology},
year = {2000},
volume = {29},
pages = {357--404}
}

@book{Frawley:1992wi,
author = {Frawley, William},
title = {Linguistic Semantics},
publisher = {Lawrence Erlbaum Associates},
year = {1992},
address = {Hillsdale}
}

@book{Garde:2013ut,
author = {Garde, Murray},
title = {Culture, Interaction and Person Reference in an {A}ustralian Language: An Ethnography of {B}ininj {G}unwok Communication},
publisher = {John Benjamins},
year = {2013},
address = {Amsterdam; Philadelphia}
}

@book{Geniusienie:1987refl,
author = {Geniu\v{s}ieni\.{e}, Emma},
title = {{The typology of reflexives}},
publisher = {Mouton de Gruyter},
year = {1987},
address = {Berlin; New York}
}

@article{Givon:1994ko,
author = {Giv{\'o}n, Talmy},
title = {{Irrealis and the subjunctive}},
journal = {Studies in Language},
year = {1994},
volume = {18},
number = {2},
pages = {265--337}
}

@book{Givon:2001syntax,
author = {Giv{\'o}n, Talmy},
title = {{Syntax - an introduction. volume II}},
publisher = {John Benjamins},
year = {2001},
address = {Amsterdam; Philadelphia}
}

@book{Goddard:1985tw,
author = {Goddard, Cliff},
title = {{A grammar of Yankunytjatjara}},
publisher = {Institute of Aboriginal Development},
year = {1985},
address = {Alice Springs}
}

@incollection{Golson:2005intro,
author = {Golson, Jack},
title = {{Introduction to the chapters on archaeology and ethnology}},
editor = {Pawley, Andrew and Attenborough, Robert and Golson, Jack and Hide, Robin},
booktitle = {{Papuan pasts: cultural, linguistic and biological histories of Papuan-speaking peoples}},
publisher = {Pacific Linguistics},
year = {2005},
pages = {221--234},
address = {Canberra}
}

@book{Grummit:2012sur,
author = {Grummit, John and Masters, Janell},
title = {{A survey of the Tonda Sub-Group of languages}},
year = {2012},
address = {Ukarumpa},
publisher = {SIL Electronic Survey Report 2012-018},
note = {URL: \href{http://www.sil.org/silesr/2012/silesr2012-018.pdf}{http://www.sil. org/silesr/2012/silesr2012-018.pdf}},
accessdate = {21 January 2016}
}

@phdthesis{Gurevich2006:geo,
author = {Gurevich, Olga},
title = {Constructional Morphology: The {G}eorgian Version},
school = {University of California},
year = {2006},
address = {Berkley}
}

@incollection{Hale:1976adjoined,
author = {Hale, Kenneth L},
title = {The adjoined relative clause in {A}ustralia},
booktitle = {Grammatical Categories in Australian Languages},
year = {1976},
editor = {Dixon, R. M. W.},
pages = {78–-105},
publisher = {Australian Institute of Aboriginal Studies},
address = {Canberra}
}

@article{Hammarstrom:2009bp,
author = {Hammarstr{\"o}m, Harald},
title = {{Whence the Kanum base-6 numeral system?}},
journal = {Linguistic Typology},
year = {2009},
volume = {13},
number = {2},
pages = {305--319}
}

@article{Hartzler:1983wm,
author = {Hartzler, Margaret},
title = {{Mode, aspect, and foregrounding in Sentani}},
journal = {Language {\&} Linguistics in Melanesia},
year = {1983},
volume = {14},
pages = {175--194}
}

@book{Haspelmath:1997indefinite,
author = {Haspelmath, Martin},
title = {{Indefinite pronouns}},
publisher = {Clarendon},
year = {1997},
address = {Oxford}
}

@incollection{Haspelmath:2001,
address = {Berlin},
author = {Haspelmath, Martin},
booktitle = {{Language typology and language universals, Handbücher zur Sprach- und Kommunikationswissenschaft}},
editor = {Haspelmath, Martin and Oesterreicher, Wulf and Raible, Wolfgang},
pages = {1492--1510},
publisher  = {Mouton de Gruyter},
address = {Berlin; New York},
title = {{The European linguistic area: Standard Average European}},
year = {2001}
}

@incollection{HaspelmathBardey:2004,
author = {Haspelmath, Martin and M{\"u}ller-Bardey, Thomas},
title = {{Valency change}},
booktitle = {{Morphologie / Morphology. Ein internationales Handbuch zur Flexion und Wortbildung / An international handbook on inflection and word-formation}},
year = {2004},
chapter = {107},
editor = {Booij, Gert and Lehmann, Christian and Mugdan, Joachim},
pages = {1130-–1145},
publisher = {Mouton de Gruyter},
address = {Berlin; New York}
}

@incollection{wals-115,
address = {Leipzig},
author = {Martin Haspelmath},
booktitle = {The World Atlas of Language Structures Online},
editor = {Dryer, Matthew and Haspelmath, Martin},
publisher = {Max Planck Institute for Evolutionary Anthropology},
title = {Negative Indefinite Pronouns and Predicate Negation},
note = {URL: http://wals.info/chapter/115},
year = {2013}
}

@incollection{Haspelmath:2007coordination,
author = {Haspelmath, Martin},
title = {{Coordination}},
booktitle = {Language Typology and Syntactic Description. Volume {II}: Complex Constructions (2nd edition)},
year = {2007},
editor = {Shopen, Timothy},
pages = {1--51},
publisher = {Cambridge University Press},
address = {Cambridge}
}

@book{Heath:1984uk,
author = {Heath, Jeffrey},
title = {{Functional grammar of Nunggubuyu}},
publisher = {Australian Institute of Aboriginal Studies},
year = {1984},
address = {Canberra}
}

@book{Heine:2005wp,
author = {Heine, Bernd and Kuteva, Tania},
title = {{Language contact and grammatical change}},
publisher = {Cambridge University Press},
year = {2005},
address = {Cambridge}
}

@incollection{Hercus:2002ul,
author = {Hercus, Luise and Simpson, Jane},
title = {{Indigenous placenames: an introduction}},
booktitle = {The land is a map},
year = {2002},
pages = {1--23},
editor = {Hercus, Luise and Simpson, Jane},
address = {Canberra},
publisher = {Pacific Linguistics}
}

@incollection{Himmelmann:1996tp,
author = {Himmelmann, Nikolaus P},
title = {Demonstratives in Narrative Discourse},
publisher = {John Benjamins},
booktitle = {Studies in Anaphora},
year = {1996},
editor = {Fox, Barbara},
pages = {205--254},
address = {Amsterdam; Philadelphia}
}

@article{Hitchcock:2009gg,
author = {Hitchcock, Garrick},
title = {{William Dammk{\"o}hler's third encounter with the Tugeri (Marind-Anim) - manuscript XX}},
journal = {The Journal of Pacific History},
year = {2009},
volume = {44},
number = {1},
pages = {89--97}
}

@incollection{Hopper:1979us,
author = {Hopper, Paul J},
title = {Aspect and Foregrounding in Discourse},
booktitle = {Discourse and Syntax},
year = {1979},
editor = {Giv{\'o}n, Talmy},
pages = {213--241},
publisher = {Syntax and Semantics Ann Arbor},
address = {New York}
}

@incollection{Hopper:1990vm,
author = {Hopper, Paul J},
title = {{Where do words come from?}},
booktitle = {Studies in typology and diachrony: papers presented to {J}oseph {H}. {G}reenberg on his 75th birthday},
year = {1990},
editor = {Croft, William and Denning, Keith and Kemmer, Suzanne},
pages = {151--160},
publisher = {John Benjamins},
address = {Amsterdam; Philadelphia}
}

@incollection{Keenan:1976wo,
author = {Keenan, Elinor O and Schieffelin, Bambi B},
title = {{Topic as a discourse notion}},
booktitle = {Subject and topic},
year = {1976},
editor = {Li, Charles N},
pages = {335--384},
address = {New York},
publisher = {Academic Press}
}

@incollection{Keenan:2007passives,
author = {Keenan, Edward L and Dryer, Matthew S},
title = {Passives in the world's languages},
booktitle = {Language Typology and Syntactic Description. Volume {I}: Clause Structure (2nd edition)},
year = {2007},
editor = {Shopen, Timothy},
pages = {325--361},
publisher = {Cambridge University Press},
address = {Cambridge}
}

@book{Kemmer:1993wda,
author = {Kemmer, Suzanne},
title = {The Middle Voice},
publisher = {John Benjamins},
year = {1993},
address = {Amsterdam; Philadelphia}
}

@article{Kennedy:2005fy,
author = {Kennedy, Christopher and McNally, Louise},
title = {Scale Structure, Degree Modification, and the Semantics of Gradable Predicates},
journal = {Language},
year = {2005},
volume = {81},
number = {2},
pages = {345--381}
}

@book{Knauft:1993south,
author = {Knauft, Bruce M},
title = {{South coast New Guinea cultures: history, comparision, dialectic}},
publisher = {Cambridge University Press},
year = {1993},
address = {Cambridge}
}

@book{Konig:1991vy,
author = {K{\"o}nig, Ekkehard},
title = {The Meaning of Focus Particles: A Comparative Perspective},
publisher = {Routledge},
year = {1991},
address = {London and New York}
}

@article{Kubota:2010bx,
author = {Kubota, Yusuke},
title = {{Marking aspect along a scale: the semantics of \emph{-te iku} and \emph{-te kuru} in Japanese}},
journal = {Semantics and Linguistic Theory},
year = {2010},
volume = {20},
pages = {128--146}
}

@book{Lichtenberk:1983vh,
author = {Lichtenberk, Frantisek},
title = {{A grammar of Manam}},
publisher = {University of Hawai{\textquoteleft}i Press},
address = {Manoa},
year = {1983},
series = {Oceanic Linguistics Special Publications}
}

@article{Lichtenberk:1991ic,
author = {Lichtenberk, Frantisek},
title = {Semantic Change and Heterosemy in Grammaticalization},
journal = {Language},
year = {1991},
volume = {67},
number = {3},
pages = {475--509}
}

@article{Lichtenberk:2000hr,
author = {Lichtenberk, Frantisek},
title = {{Inclusory pronominals}},
journal = {Oceanic Linguistics},
year = {2000},
volume = {39},
number = {1},
pages = {1--32}
}

@book{Luraghi:2003vi,
author = {Luraghi, Silvia},
title = {On the Meaning of Prepositions and Cases: The Expression of Semantic Roles in {A}ncient {G}reek},
publisher = {John Benjamins},
year = {2003},
address = {Amsterdam; Philadelphia}
}

@article{Luraghi:2001bv,
author = {Luraghi, Silvia},
title = {{Syncretism and the classification of semantic roles}},
journal = {STUF - Language Typology and Universals},
year = {2001},
volume = {54},
number = {1},
pages = {35--51}
}

@book{Matthews:1979vm,
author = {Matthews, Peter H},
title = {{Morphology: an introduction to the theory of word-structure}},
publisher = {Cambridge University Press},
year = {1974},
address = {Cambridge}
}

@book{MacGregor:1890rep,
author = {MacGregor, William},
title = {{Annual report on British New Guinea from 1st July 1895 to 30th June 1896 with appendices}},
year = {1896},
address = {Brisbane},
publisher = {Govt Printer},
note = {URL: \href{http://nla.gov.au/nla.obj-82720595}{http://nla.gov.au /nla.obj-82720595}},
accessdate = {21 January 2016}
}

@book{MacGregor:1896rep,
author = {MacGregor, William},
title = {{Annual report on British New Guinea from 1st July 1889 to 30th June 1890 with appendices}},
year = {1890},
address = {Brisbane},
publisher = {Govt Printer},
note = {URL: \href{http://nla.gov.au/nla.obj-82702440}{http://nla.gov.au /nla.obj-82702440}},
accessdate = {21 January 2016}
}

@book{Meakins:ul,
author = {Meakins, Felicity and Nordlinger, Rachel},
title = {{A grammar of Bilinarra: an Australian Aboriginal language of the Victoria River District (NT)}},
publisher = {Mouton de Gruyter},
year = {2014},
address = {Berlin; New York}
}

@incollection{Melcuk:1973vu,
author = {Mel'{\v c}uk, Igor},
title = {{The structure of linguistics signs and possible formal-semantic relations between them}},
booktitle = {Recherches sur les syt{\`e}mes signifiants. {S}ymposium de {V}arsovie},
year = {1973},
editor = {Josette, Rey-Debove},
pages = {103--135},
address = {The Hague-Paris},
publisher = {Mouton}
}

@incollection{Makihara:2007co,
address = {Oxford},
booktitle = {Consequences of Contact: Language Ideologies and Sociocultural Transformations in {P}acific Societies},
author = {Makihara, Miki and Schieffelin, Bambi B},
editor = {Makihara, Miki and Schieffelin, Bambi B},
publisher = {Oxford University Press},
title = {Cultural Processes and Linguistic Mediations: {P}acific Explorations},
pages = {3--30},
year = {2007}}

@incollection{Merlan:1985tu,
author = {Merlan, Francesca},
title = {{Split intransitivity: functional oppositions in intransitive inflection}},
booktitle = {Grammar inside and outside the clause: some approaches to theory from the field},
publisher = {Cambridge University Press},
year = {1985},
editor = {Nichols, Johanna and Woodbury, Tony},
pages = {324--362},
address = {Cambridge}
} 

@article{Merlan:1981ue,
author = {Merlan, Francesca},
title = {Land, Language and Social Identity in {A}boriginal {A}ustralia},
journal = {Mankind Quarterly},
year = {1981},
volume = {13},
pages = {133--148}
}

@incollection{Merlan:2001wp,
author = {Merlan, Francesca},
title = {Form and Context in {J}awoyn placenames},
booktitle = {Forty years on: {K}en {H}ale and {A}ustralian Languages},
year = {2001},
editor = {Simpson, Jane and Nash, David and Laughren, Mary and Austin, Peter and Alpher, Barry},
pages = {367--383},
publisher = {Pacific Linguistics},
address = {Canberra}
}

@article{Mithun:1991wu,
author = {Mithun, Marianne},
title = {{Active/agentive case marking and its motivations}},
journal = {Language},
year = {1991},
volume = {67},
number = {3},
pages = {510--546}
}

@incollection{Mithun:2009wh,
author = {Mithun, Marianne},
title = {{Polysynthesis in the arctic}},
booktitle = {Variations on Polysynthesis: The {E}skimo-{A}leut Languages},
year = {2009},
editor = {Mahieu, Marc-Antoine and Tersis, Nicole},
pages = {3--18},
publisher = {John Benjamins},
address = {Amsterdam; Philadelphia}
}

@incollection{Muhlhausler:2006naming,
author = {Mühlhäusler, Peter},
title = {Naming Languages, Drawing Language Boundaries and Maintaining Languages with Special Reference to the Linguistic Situation in {P}apua {N}ew {G}uinea},
booktitle = {Language Diversity in the Pacific : Endangerment and Survival},
year = {2006},
editor = {Cunningham, Denis and Ingram, David E and Sumbuk, Kenneth},
pages = {24-39},
publisher = {Multilingual Matters},
address = {Clevedon}
}

@book{Murray1912pap,
author = {Murray, John H P},
title = {{Papua or British New Guinea}},
publisher = {T. Fisher Unwin},
year = {1912},
address = {London},
note = {URL: \href{https://archive.org/details/papuaorbritishne00murr}{https://archive.org/details/papuaorbritishne00murr}},
}

@mastersthesis{Olsson:2013vn,
author = {Olsson, Bruno},
title = {Iamitives: Perfects in {S}outheast {A}sia and beyond},
school = {Stockholms Universitet},
year = {2013},
address = {Stockholm}
}

@phdthesis{Olsson:Marind,
Author = {Olsson, Bruno},
title = {{The Coastal Marind language}},
school = {Nanyang Technological University},
year = {2017},
address = {Singapore}
}

@article{Paijmans:1970bl,
author = {Paijmans, Kees},
title = {{Land evaluation by air photo interpretation and field sampling in Australian New Guinea}},
journal = {Photogrammetria},
year = {1970},
volume = {26},
number = {2-3},
pages = {77--100}
}

@incollection{Paijmans:1971morehead,
author = {Paijmans, Kees and Blake, D H and Bleeker, P},
title = {{Land systems of the Morehead-Kiunga area}},
booktitle = {Land resources of the {M}orehead-{K}iunga area, Territory of {P}apua and {N}ew {G}uinea (Land Research Series No. 29)},
year = {1971},
editor = {Paijmans, Kees and Blake, D H and Bleeker, P and McAlpine, J R},
pages = {19--45},
publisher = {Commonwealth Scientific and Industrial Research Organization, Australia},
address = {Melbourne}
}

@phdthesis{Pawley:1966wj,
author = {Pawley, Andrew},
title = {{The structure of Karam}},
school = {University of Auckland},
year = {1966},
address = {Auckland}
}

@article{Pawley:2000vp,
author = {Pawley, Andrew and Gi, Simon P and Majnep, Ian S and Kias, John},
title = {Hunger acts on me: the grammar and semantics of bodily and mental process expressions in {K}alam},
journal = {Oceanic Linguistics Special Publications, No. 29, Grammatical Analysis: Morphology, Syntax, and Semantics},
year = {2000},
number = {29},
pages = {153--185}
}

@incollection{Pawley:2005intro,
author = {Pawley, Andrew},
title = {Introduction to the chapters on historical linguistics},
editor = {Pawley, Andrew and Attenborough, Robert and Golson, Jack and Hide, Robin},
booktitle = {{Papuan pasts: cultural, linguistic and biological histories of Papuan-speaking peoples}},
publisher = {Pacific Linguistics},
year = {2005},
pages = {1--14},
address = {Canberra}
}

@book{Pawley:2005ue,
author = {Pawley, Andrew and Attenborough, Robert and Golson, Jack and Hide, Robin},
title = {{Papuan pasts: cultural, linguistic and biological histories of Papuan-speaking peoples}},
publisher = {Pacific Linguistics},
year = {2005},
address = {ANU Canberra}
}

@book{Payne:morphsy,
author = {Payne, Thomas E},
title = {Describing morphosyntax: a guide for field linguists},
publisher = {Cambridge University Press},
year = {1997},
address = {Cambridge}
}

@book{Pollard:1987wu,
author = {Pollard, Carl J and Sag, Ivan A},
title = {Information-based syntax and semantics},
publisher = {Center for the Study of Language and Information},
year = {1987},
address = {Stanford}
}

@incollection{Ray:1907westfly,
author = {Ray, Sidney H},
editor = {Ray, Sidney H},
title = {Papuan Languages West of the {F}ly {R}iver},
booktitle = {Linguistics},
publisher = {Cambridge University Press},
series = {Reports of the Cambridge Anthropological Expedition to Torres Straits},
volume = {III},
pages = {291--301},
year = {1907},
}

@article{Ray:1923westerndiv,
author = {Ray, Sidney H},
title = {The Languages of the Western Division of {P}apua},
journal = {Journal of the Royal Anthropological Institute of Great Britain and Ireland},
volume = {53},
pages = {332--360},
year = {1923},
}

@book{Ray:1926papuan,
author = {Ray, Sidney H},
title = {A Comparative Study of the {M}elanesian Island Languages},
publisher = {Cambridge University Press},
year = {1926},
address = {Cambridge}
}

@book{Reesink:1987vg,
author = {Reesink, Ger},
title = {{Structures and their functions in Usan: A Papuan language of Papua New Guinea}},
publisher = {John Benjamins},
address = {Amsterdam; Philadelphia},
year = {1987},
volume = {13}
}

@incollection{Reesink:2009bird,
author = {Reesink, Ger},
title = {{A connection between Bird's Head and (Proto) Oceanic}},
booktitle = {Discovering History Through Language},
editor = {Evans, Bethwyn},
publisher = {Pacific Linguistics},
pages = {181--192},
address = {Canberra},
year = {2009}
}

@incollection{Ross:2005pronouns,
author = {Ross, Malcolm},
title = {{Pronouns as a preliminary diagnostic for grouping Papuan languages}},
editor = {Pawley, Andrew and Attenborough, Robert and Golson, Jack and Hide, Robin},
booktitle = {{Papuan pasts: cultural, linguistic and biological histories of Papuan-speaking peoples}},
publisher = {Pacific Linguistics},
year = {2005},
pages = {15--66},
address = {Canberra}
}

@book{Rice:2000mo,
author = {Rice, Keren},
title = {{Morpheme order and semantic scope: word formation in the Athapaskan
verb}},
publisher = {Cambridge University Press},
year = {2000},
address = {Cambridge}
}

@article{Rumsey:1990vb,
author = {Rumsey, Alan},
journal = {American Anthropologist},
number = {2},
pages = {346-361},
title = {{Wording, meaning, and linguistic ideology}},
volume = {92},
year = {1990}
}

@mastersthesis{Sarsa2001:wa,
author = {Sarsa, Risto},
title = {{Studies in Wára verb morphology}},
school = {University of Helsinki},
year = {2001},
address = {Helsinki}
}

@article{Sasse:2002vn,
author = {Sasse, Hans-J{\"u}rgen},
title = {{Recent activity in the theory of aspect: accomplishments, achievements, or just non-progressive state}},
journal = {Linguistic Typology},
year = {2002},
volume = {6},
number = {2},
pages = {199--271}
}

@book{Saeed:1984wm,
author = {Saeed, John I},
title = {The Syntax of Focus and Topic in {S}omali},
publisher = {Helmut Buske},
year = {1984},
address = {Hamburg}
}

@incollection{Schachter:2007vv,
author = {Schachter, Paul and Shopen, Timothy},
title = {{Parts-of-speech systems}},
booktitle = {Language Typology and Syntactic Description. Volume {I}: Clause Structure (2nd edition)},
year = {2007},
editor = {Shopen, Timothy},
pages = {1--60},
publisher = {Cambridge University Press},
address = {Cambridge}
}

@phdthesis{SchultzeBerndt:2000wk,
author = {Schultze-Berndt, Eva},
title = {{Simple and complex verbs in Jaminjung}},
school = {Katholieke Universiteit Nijmegen},
year = {2000},
address = {Nijmegen}
}

@article{Siegel:2015bp,
author = {Siegel, Jeff},
title = {{The morphology of tense and aspect in Nama, a Papuan language of Southern New Guinea}},
journal = {Open Linguistics},
year = {2014},
volume = {1},
pages = {211--231}
}

@phdthesis{Singer:inclu,
author = {Singer, Ruth},
title = {{The inclusory construction in Australian languages}},
school = {The University of Melbourne},
year = {2001},
address = {Melbourne},
type = {honours thesis}
}

@incollection{Silverstein:1976vo,
author = {Silverstein, Michael},
title = {{Hierarchy of features and ergativity}},
booktitle = {Grammatical categories in {A}ustralian languages},
year = {1976},
editor = {Dixon, R. M. W.},
pages = {112--171},
publisher = {Australian Institute of Aboriginal Studies},
address = {Canberra}
}

@incollection{Silverstein:1979li,
address = {Chicago},
author = {Silverstein, Michael},
booktitle = {The Elements: A Parasession on Linguistic Units and Levels},
editor = {Clyne, Paul and Hanks, Williams and Hofbauer, Carol},
pages = {193-247},
publisher = {Chicago Linguistic Society},
title = {{Language structure and linguistic ideology}},
year = {1979}}

@book{Smith:1997tq,
author = {Smith, Carlota},
title = {{The parameter of aspect (2nd edition)}},
publisher = {Kluwer},
year = {1997},
address = {Dordrecht}
}

@phdthesis{Sutton1978:ws,
author = {Sutton, Peter},
title = {{Wik: Aboriginal society, territory and language at Cape Keerweer, Cap York Peninsula}},
school = {University of Queensland},
year = {1978},
address = {Brisbane}
}

@incollection{Thompson:2007relclauses,
author = {Thompson, Sarah A and Longacre, Robert E and Hwang, Shin JJ},
title = {{Adverbial clauses}},
booktitle = {Language Typology and Syntactic Description. Volume {II}: Complex Constructions (2nd edition)},
year = {2007},
editor = {Shopen, Timothy},
pages = {237--300},
publisher = {Cambridge University Press},
address = {Cambridge}
}

@book{Turnerlister:1935motu,
author = {Turner-Lister, Robert and Clark, J B},
title = {{A dictionary of the Motu language of Papua (2nd edition by P. Chatterton)}},
publisher = {Pettifer},
year = {1935},
address = {Sydney}
}

@article{Usher:2015kr,
author = {Usher, Timothy and Suter, Edgar},
title = {{The Anim languages of Southern New Guinea}},
journal = {Oceanic Linguistics},
year = {2015},
volume = {54},
number = {1},
pages = {110--142}
}

@book{vanEnk:1997tl,
author = {van Enk, Gerrit and de Vries, Lourens},
title = {{The Korowai of Irian Jaya: their language in its cultural context}},
publisher = {Oxford University Press},
year = {1997},
series = {Oxford Studies in Anthropological Linguistics},
address = {Oxford}
}

@article{deVries:2005tm,
author = {de Vries, Lourens},
title = {{Towards a typology of tail{\textendash}head linkage in Papuan languages}},
journal = {Studies in Language},
year = {2005},
volume = {29},
number = {2},
pages = {363--384}
}

@book{White:1982prehist,
author = {White, John P and O'Connell, James F},
title = {{A prehistory of Australia, New Guinea and Sahul}},
publisher = {Academic Press},
year = {1982},
address = {Sydney}
}

@book{Williams:1936transfly,
author = {Williams, Francis E},
title = {{Papuans of the Trans-Fly}},
publisher = {Clarendon Press},
year = {1936},
address = {Oxford}
}

@incollection{Wichmann:2008loanverbs,
author = {Wichmann, Soeren and Wohlgemuth, Jan},
title = {{Loan verbs in a typological perspective}},
booktitle = {Aspects of Language Contact: New Theoretical, Methodological and Empirical Findings with Special Focus on Romancisation Processes},
year = {2008},
editor = {Stolz, Thomas and Bakker, Dik and Salas Palomo, Rosa},
pages = {89--121},
publisher = {Mouton de Gruyter},
address = {Berlin; New York}
}

@incollection{Wurm:1971uw,
author = {Wurm, Stephen A},
title = {{Notes on the linguistic situation of the Trans-Fly area}},
booktitle = {Papers in {N}ew {G}uinea Linguistics 14},
year = {1971},
editor = {Dutton, Thomas E and Voorhoeve, Clemens L and Wurm, Stephen A},
pages = {115--172},
address = {Canberra},
publisher = {Pacific Linguistics}
}

@book{Wurm:1975etal,
author = {Wurm, Stephen A},
year = {1975}, 
title = {{New Guinea area languages and language study, 1: Papuan languages and the New Guinea linguistic scene}},
address = {Canberra}, 
publisher = {Pacific Linguistics}
}

@article{Zwicky:1983jd,
author = {Zwicky, Arnold and Pullum, Goeffrey},
title = {{Cliticization vs. inflection: English n't}},
journal = {Language},
year = {1983},
volume = {59},
number = {3},
pages = {502--513}
}

